<?xml version="1.0" encoding="UTF-8"?><record xmlns="http://www.loc.gov/MARC21/slim" xmlns:cinclude="http://apache.org/cocoon/include/1.0" xmlns:zs="http://www.loc.gov/zing/srw/">
  <leader>00431nz  a2200133n  4500</leader>
  <controlfield tag="001">n  84103446 </controlfield>
  <controlfield tag="003">DLC</controlfield>
  <controlfield tag="005">19850521000000.0</controlfield>
  <controlfield tag="008">850116n| acannaab|          |n aaa |||  </controlfield>
  <datafield tag="010" ind1=" " ind2=" ">
    <subfield code="a">n  84103446 </subfield>
  </datafield>
  <datafield tag="040" ind1=" " ind2=" ">
    <subfield code="a">DLC</subfield>
    <subfield code="c">DLC</subfield>
  </datafield>
  <datafield tag="100" ind1="1" ind2="0">
    <subfield code="a">Mahetā, Rasika Lā.,</subfield>
    <subfield code="d">1933-</subfield>
  </datafield>
  <datafield tag="670" ind1=" " ind2=" ">
    <subfield code="a">Narasiṃha Mahetā adhyayanagrantha, 1983:</subfield>
    <subfield code="b">t.p. (Prā. Rasika Lā. Mahetā)</subfield>
  </datafield>
  <datafield tag="670" ind1=" " ind2=" ">
    <subfield code="a">New Delhi manual auth. cd.</subfield>
    <subfield code="b">(hdg.: Mahetā, Rasika Lā., 1933- )</subfield>
  </datafield>
</record>